<record><leader>00000cas a22000007a 4500</leader><controlfield tag="001">21456173</controlfield><controlfield tag="008">900430c19449999mouwr ne      0    0eng d</controlfield><datafield ind1=" " ind2=" " tag="010"><subfield code="a">sn 90061378 </subfield></datafield><datafield ind1=" " ind2=" " tag="040"><subfield code="a">MQN</subfield><subfield code="b">eng</subfield><subfield code="c">MQN</subfield><subfield code="d">OCLCQ</subfield></datafield><datafield ind1=" " ind2=" " tag="042"><subfield code="a">msc</subfield></datafield><datafield ind1="0" ind2=" " tag="130"><subfield code="a">Post-telegraph (Princeton, Mo.)</subfield></datafield><datafield ind1="1" ind2="4" tag="245"><subfield code="a">The post-telegraph.</subfield></datafield><datafield ind1=" " ind2=" " tag="260"><subfield code="a">Princeton, Mo. :</subfield><subfield code="b">James W. Price,</subfield><subfield code="c">1944-</subfield></datafield><datafield ind1=" " ind2=" " tag="300"><subfield code="a">v.</subfield></datafield><datafield ind1=" " ind2=" " tag="310"><subfield code="a">Weekly</subfield></datafield><datafield ind1="0" ind2=" " tag="362"><subfield code="a">Vol. 72, no. 37 (Nov. 23, 1944)-</subfield></datafield><datafield ind1=" " ind2=" " tag="752"><subfield code="a">United States</subfield><subfield code="b">Missouri</subfield><subfield code="c">Mercer</subfield><subfield code="d">Princeton.</subfield></datafield><datafield ind1="0" ind2="4" tag="780"><subfield code="t">Princeton post (Princeton, Mo.)</subfield></datafield><datafield ind1="0" ind2="4" tag="780"><subfield code="t">Princeton telegraph</subfield><subfield code="w">(DLC)sn 87052190</subfield></datafield></record>